<?xml version='1.0' encoding='UTF-8'?>
<record xmlns="http://www.loc.gov/MARC21/slim">
  <leader>02111cam a2200397 a 4500</leader>
  <controlfield tag="001">380194</controlfield>
  <controlfield tag="003">NjP</controlfield>
  <controlfield tag="005">20170619131043.0</controlfield>
  <controlfield tag="008">870624s1899    ua            000 0 ara  </controlfield>
  <datafield tag="024" ind1="7" ind2=" ">
    <subfield code="a">princeton_aco001847</subfield>
    <subfield code="2">local</subfield>
  </datafield>
  <datafield ind1=" " ind2=" " tag="010">
    <subfield code="a">   81960271 </subfield>
  </datafield>
  <datafield ind1=" " ind2=" " tag="035">
    <subfield code="a">(OCoLC)ocn175482811</subfield>
  </datafield>
  <datafield ind1=" " ind2=" " tag="035">
    <subfield code="a">(OCoLC)17044725</subfield>
  </datafield>
  <datafield ind1=" " ind2=" " tag="040">
    <subfield code="a">NjP</subfield>
    <subfield code="c">PUL</subfield>
    <subfield code="d">PUL</subfield>
  </datafield>
  <datafield ind1=" " ind2=" " tag="035">
    <subfield code="a">(OCoLC)175482811</subfield>
  </datafield>
  <datafield ind1=" " ind2=" " tag="035">
    <subfield code="a">(CStRLIN)NJPG87-B28831</subfield>
  </datafield>
  <datafield ind1=" " ind2=" " tag="035">
    <subfield code="9">ABV5647TS</subfield>
  </datafield>
  <datafield ind1=" " ind2=" " tag="035">
    <subfield code="a">(NjP)380194</subfield>
  </datafield>
  <datafield ind1=" " ind2=" " tag="079">
    <subfield code="a">ocm17044725</subfield>
  </datafield>
  <datafield ind1=" " ind2=" " tag="049">
    <subfield code="a">PULL</subfield>
  </datafield>
  <datafield ind1="1" ind2=" " tag="100">
    <subfield code="6">880-01</subfield>
    <subfield code="a">Kawākibī, Muḥammad ibn Ḥasan,</subfield>
    <subfield code="d">1609-1685.</subfield>
    <subfield code="0">http://id.loc.gov/authorities/names/n82143767</subfield>
  </datafield>
  <datafield ind1="1" ind2="0" tag="245">
    <subfield code="6">880-02</subfield>
    <subfield code="a">Manẓūmat al-Kawākibī fī uṣūl fiqh al-sādah al-Ḥanafīyah :</subfield>
    <subfield code="b">wa-hādhihi al-manẓumah nuẓẓima fīhā matn al-manār lil-Imām al-Nasafī /</subfield>
    <subfield code="c">taʼlīf Muḥammad ibn Ḥasan ibn Abī Yaḥyá al-Kawākibī.</subfield>
  </datafield>
  <datafield ind1=" " ind2=" " tag="250">
    <subfield code="6">880-03</subfield>
    <subfield code="a">al-Ṭabʻah 1.</subfield>
  </datafield>
  <datafield ind1=" " ind2=" " tag="260">
    <subfield code="6">880-04</subfield>
    <subfield code="a">Miṣr :</subfield>
    <subfield code="b">Mabīʻuhu bi-Maḥall M. Zāhid wa-M.A. al-Khānjī,</subfield>
    <subfield code="c">1317 [1899]</subfield>
  </datafield>
  <datafield ind1=" " ind2=" " tag="300">
    <subfield code="a">109, 3 p. ;</subfield>
    <subfield code="c">20 cm.</subfield>
  </datafield>
  <datafield ind1=" " ind2="0" tag="650">
    <subfield code="a">Islamic law</subfield>
    <subfield code="x">Interpretation and construction.</subfield>
    <subfield code="0">http://id.loc.gov/authorities/subjects/sh85068455</subfield>
  </datafield>
  <datafield ind1=" " ind2="0" tag="650">
    <subfield code="a">Hanafites.</subfield>
    <subfield code="0">http://id.loc.gov/authorities/subjects/sh85058609</subfield>
  </datafield>
  <datafield ind1="1" ind2=" " tag="700">
    <subfield code="6">880-05</subfield>
    <subfield code="a">Nasafī, ʻAbd Allāh ibn Aḥmad,</subfield>
    <subfield code="d">-1310.</subfield>
    <subfield code="t">Manār al-anwār.</subfield>
    <subfield code="0">http://id.loc.gov/authorities/names/n82144374</subfield>
  </datafield>
  <datafield ind1="1" ind2=" " tag="880">
    <subfield code="6">100-01/r</subfield>
    <subfield code="a">كواكبي، محمد بن حسن،</subfield>
    <subfield code="d">1609-1685.</subfield>
  </datafield>
  <datafield ind1="1" ind2="0" tag="880">
    <subfield code="6">245-02/r</subfield>
    <subfield code="a">منظومة الكواكبي في اصول فقه السادة الحنفية :</subfield>
    <subfield code="b">وهذه المنظمة نظم فيها متن المنار للامام النسفي /</subfield>
    <subfield code="c">تأليف محمد بن حسن بن ابي يحيى الكواكبي.</subfield>
  </datafield>
  <datafield ind1=" " ind2=" " tag="880">
    <subfield code="6">250-03/r</subfield>
    <subfield code="a">الطبعة 1.</subfield>
  </datafield>
  <datafield ind1=" " ind2=" " tag="880">
    <subfield code="6">260-04/r</subfield>
    <subfield code="a">مصر :</subfield>
    <subfield code="b">مبيعه بمحل م. زاهد وم.ا. الخانجي،</subfield>
    <subfield code="c">1317 [1899]</subfield>
  </datafield>
  <datafield ind1="1" ind2=" " tag="880">
    <subfield code="6">700-05/r</subfield>
    <subfield code="a">نسفي، عبد الله ابن احمد،</subfield>
    <subfield code="d">d. 1310.</subfield>
    <subfield code="t">منار الانوار.</subfield>
  </datafield>
  <datafield ind1=" " ind2=" " tag="998">
    <subfield code="a">03/25/93</subfield>
    <subfield code="s">9110</subfield>
    <subfield code="n">NjP</subfield>
    <subfield code="w">NJPG87B28831</subfield>
    <subfield code="d">06/24/87</subfield>
    <subfield code="c">DGH</subfield>
    <subfield code="b">MH</subfield>
    <subfield code="i">930325</subfield>
    <subfield code="l">NJPG</subfield>
  </datafield>
  <datafield ind1=" " ind2=" " tag="911">
    <subfield code="a">19930401</subfield>
  </datafield>
  <datafield ind1=" " ind2=" " tag="912">
    <subfield code="a">19930325000000.0</subfield>
  </datafield>
  <datafield ind1=" " ind2=" " tag="994">
    <subfield code="a">C0</subfield>
    <subfield code="b">PUL</subfield>
  </datafield>
  <datafield ind1=" " ind2=" " tag="999">
    <subfield code="a">380194</subfield>
  </datafield>
  <datafield ind1="0" ind2="0" tag="852">
    <subfield code="0">415111</subfield>
    <subfield code="b">nec</subfield>
    <subfield code="t">1</subfield>
    <subfield code="h">KBP440.43.K393</subfield>
    <subfield code="i">A36 1899</subfield>
  </datafield>
  <datafield ind1=" " ind2=" " tag="959">
    <subfield code="a">2000-06-13 00:00:00 -0500</subfield>
  </datafield>
</record>
